@inproceedings{chen2016infogan,
	title={Infogan: Interpretable representation learning by information maximizing generative adversarial nets},
	author={Chen, Xi and Duan, Yan and Houthooft, Rein and Schulman, John and Sutskever, Ilya and Abbeel, Pieter},
	booktitle={NIPS},
	pages={2172--2180},
	year={2016}
}

@article{jha2018disentangling,
	title={Disentangling Factors of Variation with Cycle-Consistent Variational Auto-Encoders},
	author={Jha, Ananya Harsh and Anand, Saket and Singh, Maneesh and Veeravasarapu, VSR},
	journal={arXiv preprint arXiv:1804.10469},
	year={2018}
}

@inproceedings{gatys2016image,
	title={Image style transfer using convolutional neural networks},
	author={Gatys, Leon A and Ecker, Alexander S and Bethge, Matthias},
	booktitle={CVPR},
	pages={2414--2423},
	year={2016},
}

@article{xu2012paraphrasing,
	title={Paraphrasing for style},
	author={Xu, Wei and Ritter, Alan and Dolan, Bill and Grishman, Ralph and Cherry, Colin},
	journal={COLING},
	pages={2899--2914},
	url = 	"http://www.aclweb.org/anthology/C12-1177",
	year={2012}
}

@inproceedings{sutskever2014sequence,
	title={Sequence to sequence learning with neural networks},
	author={Sutskever, Ilya and Vinyals, Oriol and Le, Quoc V},
	booktitle={NIPS},
	pages={3104--3112},
	year={2014}
}

@inproceedings{goodfellow2014generative,
	title={Generative adversarial nets},
	author={Goodfellow, Ian and Pouget-Abadie, Jean and Mirza, Mehdi and Xu, Bing and Warde-Farley, David and Ozair, Sherjil and Courville, Aaron and Bengio, Yoshua},
	booktitle={NIPS},
	pages={2672--2680},
	year={2014}
}

@inproceedings{hu2017toward,
	title={Toward controlled generation of text},
	author={Hu, Zhiting and Yang, Zichao and Liang, Xiaodan and Salakhutdinov, Ruslan and Xing, Eric P},
	booktitle={ICML},
	pages={1587--1596},
	year={2017}
}

@inproceedings{shen2017style,
	title={Style transfer from non-parallel text by cross-alignment},
	author={Shen, Tianxiao and Lei, Tao and Barzilay, Regina and Jaakkola, Tommi},
	booktitle={NIPS},
	pages={6833--6844},
	year={2017}
}

@inproceedings{sennrich2016controlling,
	title={Controlling politeness in neural machine translation via side constraints},
	author={Sennrich, Rico and Haddow, Barry and Birch, Alexandra},
	booktitle={NAACL-HLT},
	pages={35--40},
	doi = 	{"10.18653/v1/N16-1005"},
	year={2016}
}

@article{kim2017adversarially,
	title={Adversarially regularized autoencoders for generating discrete structures},
	author={Kim, Yoon and Zhang, Kelly and Rush, Alexander M and LeCun, Yann and others},
	journal={arXiv preprint arXiv:1706.04223},
	year={2017}
}

@inproceedings{ficler2017controlling,
	title={Controlling Linguistic Style Aspects in Neural Language Generation},
	author={Ficler, Jessica and Goldberg, Yoav},
	booktitle={Proc. Workshop on Stylistic Variation},
	pages={94--104},
	doi = 	{"10.18653/v1/W17-4912"},
	year={2017}
}

@inproceedings{li2017adversarial,
	title={Adversarial Learning for Neural Dialogue Generation},
	author={Li, Jiwei and Monroe, Will and Shi, Tianlin and Jean, S{\.e}bastien and Ritter, Alan and Jurafsky, Dan},
	booktitle={EMNLP},
	pages={2157--2169},
	year={2017}
}

@inproceedings{fu2017style,
	title={Style Transfer in Text: Exploration and Evaluation},
	author={Fu, Zhenxin and Tan, Xiaoye and Peng, Nanyun and Zhao, Dongyan and Yan, Rui},
	booktitle={AAAI},
	pages={663--670},
	year={2018}
}

@inproceedings{kim2014convolutional,
	title={Convolutional Neural Networks for Sentence Classification},
	author={Kim, Yoon},
	booktitle={EMNLP},
	pages={1746--1751},
	year={2014}
}

@article{maaten2008visualizing,
	title={Visualizing data using {t-SNE}},
	author={Maaten, Laurens van der and Hinton, Geoffrey},
	journal={JMLR},
	volume={9},
	pages={2579--2605},
	year={2008}
}

@article{kingma2014adam,
	title={Adam: A method for stochastic optimization},
	author={Kingma, Diederik P and Ba, Jimmy},
	journal={arXiv preprint arXiv:1412.6980},
	year={2014}
}

@inproceedings{hu2004mining,
	title={Mining and summarizing customer reviews},
	author={Hu, Minqing and Liu, Bing},
	booktitle={KDD},
	pages={168--177},
	year={2004},
}

@article{luong2015multi,
	title={Multi-task sequence to sequence learning},
	author={Luong, Minh-Thang and Le, Quoc V and Sutskever, Ilya and Vinyals, Oriol and Kaiser, Lukasz},
	journal={arXiv preprint arXiv:1511.06114},
	year={2015}
}

@article{jernite2017discourse,
	title={Discourse-based objectives for fast unsupervised sentence representation learning},
	author={Jernite, Yacine and Bowman, Samuel R and Sontag, David},
	journal={arXiv preprint arXiv:1705.00557},
	year={2017}
}

@inproceedings{balikas2017multitask,
	title={Multitask Learning for Fine-Grained Twitter Sentiment Analysis},
	author={Balikas, Georgios and Moura, Simon and Amini, Massih-Reza},
	booktitle={SIGIR},
	pages={1005--1008},
	year={2017},
}

@inproceedings{cho2014learning,
	title={Learning Phrase Representations using RNN Encoder--Decoder for Statistical Machine Translation},
	author={Cho, Kyunghyun and van Merrienboer, Bart and Gulcehre, Caglar and Bahdanau, Dzmitry and Bougares, Fethi and Schwenk, Holger and Bengio, Yoshua},
	booktitle={Proceedings of the 2014 Conference on Empirical Methods in Natural Language Processing (EMNLP)},
	pages={1724--1734},
	year={2014}
}

@inproceedings{bousmalis2017unsupervised,
	title={Unsupervised pixel-level domain adaptation with generative adversarial networks},
	author={Bousmalis, Konstantinos and Silberman, Nathan and Dohan, David and Erhan, Dumitru and Krishnan, Dilip},
	booktitle={CVPR},
	pages={3722--3731},
	year={2017}
}

@inproceedings{bowman2016generating,
	title={Generating Sentences from a Continuous Space},
	author={Bowman, Samuel R and Vilnis, Luke and Vinyals, Oriol and Dai, Andrew and Jozefowicz, Rafal and Bengio, Samy},
	booktitle={CoNLL},
	doi={10.18653/v1/K16-1002},
	pages={10--21},
	year={2016}
}

@inproceedings{liu2017adversarial,
	title={Adversarial Multi-task Learning for Text Classification},
	author={Liu, Pengfei and Qiu, Xipeng and Huang, Xuanjing},
	booktitle={Proceedings of the 55th Annual Meeting of the Association for Computational Linguistics (Volume 1: Long Papers)},
	volume={1},
	pages={1--10},
	year={2017}
}

@article{champandard2016semantic,
	title={Semantic style transfer and turning two-bit doodles into fine artworks},
	author={Champandard, Alex J},
	journal={arXiv preprint arXiv:1603.01768},
	year={2016}
}

@inproceedings{luan2017deep,
	title={Deep Photo Style Transfer},
	author={Luan, Fujun and Paris, Sylvain and Shechtman, Eli and Bala, Kavita},
	booktitle={Proceedings of the IEEE Conference on Computer Vision and Pattern Recognition},
	pages={4990--4998},
	year={2017}
}

@inproceedings{kulkarni2015deep,
	title={Deep convolutional inverse graphics network},
	author={Kulkarni, Tejas D and Whitney, William F and Kohli, Pushmeet and Tenenbaum, Josh},
	booktitle={Advances in Neural Information Processing Systems},
	pages={2539--2547},
	year={2015}
}

@inproceedings{mathieu2016disentangling,
	title={Disentangling factors of variation in deep representation using adversarial training},
	author={Mathieu, Michael F and Zhao, Junbo Jake and Zhao, Junbo and Ramesh, Aditya and Sprechmann, Pablo and LeCun, Yann},
	booktitle={Advances in Neural Information Processing Systems},
	pages={5040--5048},
	year={2016}
}

@misc{challenge2013yelp,
	title={Yelp dataset challenge},
	author={Challenge, Yelp Dataset},
	year={2013},
	publisher={Online] Yelp Inc}
}

@article{kingma2013auto,
	title={Auto-encoding variational bayes},
	author={Kingma, Diederik P and Welling, Max},
	journal={arXiv preprint arXiv:1312.6114},
	year={2013}
}

@inproceedings{kneser1995improved,
	title={Improved backing-off for m-gram language modeling},
	author={Kneser, Reinhard and Ney, Hermann},
	booktitle={icassp},
	volume={1},
	pages={181e4},
	year={1995}
}

@article{tieleman2012lecture,
	title={Lecture 6.5-rmsprop: Divide the gradient by a running average of its recent magnitude},
	author={Tieleman, Tijmen and Hinton, Geoffrey},
	journal={COURSERA: Neural networks for machine learning},
	volume={4},
	number={2},
	pages={26--31},
	year={2012}
}

@article{bahuleyan2017variational,
	title={Variational Attention for Sequence-to-Sequence Models},
	author={Bahuleyan, Hareesh and Mou, Lili and Vechtomova, Olga and Poupart, Pascal},
	journal={arXiv preprint arXiv:1712.08207},
	year={2017}
}

@inproceedings{stent2005evaluating,
	title={Evaluating evaluation methods for generation in the presence of variation},
	author={Stent, Amanda and Marge, Matthew and Singhai, Mohit},
	booktitle={International Conference on Intelligent Text Processing and Computational Linguistics},
	pages={341--351},
	year={2005},
	organization={Springer}
}
